
  <record>
    <leader>04649nab a2200781 u 4500</leader>
    <controlfield tag="001">9916292503407426</controlfield>
    <controlfield tag="005">20221118064941.0</controlfield>
    <controlfield tag="008">190415e201710 xx |||||o|||||||||||eng||</controlfield>
    <datafield tag="016" ind1="7" ind2=" ">
      <subfield code="a">IND605730866</subfield>
      <subfield code="2">DNAL</subfield>
    </datafield>
    <datafield tag="024" ind1="7" ind2=" ">
      <subfield code="a">10.1016/j.ufug.2017.03.030</subfield>
      <subfield code="2">doi</subfield>
    </datafield>
    <datafield tag="024" ind1="7" ind2=" ">
      <subfield code="a">10.1016/j.ufug.2017.03.030</subfield>
      <subfield code="2">chorus</subfield>
    </datafield>
    <datafield tag="035" ind1=" " ind2=" ">
      <subfield code="a">agid:5730866-01nal_inst</subfield>
    </datafield>
    <datafield tag="040" ind1=" " ind2=" ">
      <subfield code="a">AGL</subfield>
      <subfield code="b">eng</subfield>
      <subfield code="c">AGL</subfield>
    </datafield>
    <datafield tag="100" ind1="1" ind2=" ">
      <subfield code="a">Chuang, Wen-Ching</subfield>
      <subfield code="e">author</subfield>
      <subfield code="u">National Research Council, U.S. Environmental Protection Agency, 26 W.
        Martin Luther King Drive, Cincinnati, OH 45268, USA</subfield>
    </datafield>
    <datafield tag="245" ind1="1" ind2="0">
      <subfield code="a">Tree canopy change and neighborhood stability: A comparative analysis of
        Washington, D.C. and Baltimore, MD</subfield>
    </datafield>
    <datafield tag="300" ind1=" " ind2=" ">
      <subfield code="a">p. 363-372.</subfield>
    </datafield>
    <datafield tag="506" ind1=" " ind2=" ">
      <subfield code="a">Resource is Open Access</subfield>
      <subfield code="u">http://purl.org/eprint/accessRights/OpenAccess</subfield>
      <subfield code="f">Unrestricted online access</subfield>
      <subfield code="2">star</subfield>
    </datafield>
    <datafield tag="506" ind1=" " ind2=" ">
      <subfield code="a">CHORUS License Information</subfield>
      <subfield code="f">Unrestricted online access</subfield>
      <subfield code="2">star</subfield>
    </datafield>
    <datafield tag="520" ind1=" " ind2=" ">
      <subfield code="a">Trees provide important health, ecosystem, and aesthetic services in urban
        areas, but they are unevenly distributed. Some neighborhoods have abundant tree canopy and
        others nearly none. We analyzed how neighborhood characteristics and changes in income over
        time related to the distribution of urban tree canopy in Washington, D.C. and Baltimore, MD.
        We used stepwise multiple regression analysis to identify strong predictors of UTC, from
        variables found in neighborhoods with different patterns of wealth-stability over time. We
        then built spatial lag models to predict variation in UTC cover, using the results of a
        Principal Component Analysis of the socioeconomic, demographic, and housing characteristics
        of the two cities. We found that: (1) stable-wealthy neighborhoods were more likely to have
        more, and more consistent, tree canopy cover than other neighborhood types; (2) decreases
        and increases in income were negatively associated with UTC in Washington, D.C. but not
        Baltimore, where income stability in both wealthy and impoverished neighborhoods was a
        significant predictor of UTC; and (3) the association of high socioeconomic status with UTC
        coverage varied between the two cities.</subfield>
    </datafield>
    <datafield tag="592" ind1=" " ind2=" ">
      <subfield code="a">Publisher supplied data</subfield>
    </datafield>
    <datafield tag="593" ind1=" " ind2=" ">
      <subfield code="a">PubAg article</subfield>
    </datafield>
    <datafield tag="596" ind1=" " ind2=" ">
      <subfield code="c">Division of Environmental Biology</subfield>
      <subfield code="d">https://doi.org/10.13039/100000155</subfield>
    </datafield>
    <datafield tag="596" ind1=" " ind2=" ">
      <subfield code="c">NSF</subfield>
      <subfield code="d">https://doi.org/10.13039/100000001</subfield>
    </datafield>
    <datafield tag="596" ind1=" " ind2=" ">
      <subfield code="c">National Socio-Environmental Synthesis Center</subfield>
      <subfield code="d">https://doi.org/10.13039/100014262</subfield>
    </datafield>
    <datafield tag="596" ind1=" " ind2=" ">
      <subfield code="c">U.S. Forest Service</subfield>
      <subfield code="d">https://doi.org/10.13039/100006959</subfield>
    </datafield>
    <datafield tag="650" ind1=" " ind2="3">
      <subfield code="a">aesthetics</subfield>
    </datafield>
    <datafield tag="650" ind1=" " ind2="3">
      <subfield code="a">canopy</subfield>
    </datafield>
    <datafield tag="650" ind1=" " ind2="3">
      <subfield code="a">cities</subfield>
    </datafield>
    <datafield tag="650" ind1=" " ind2="3">
      <subfield code="a">ecosystems</subfield>
    </datafield>
    <datafield tag="650" ind1=" " ind2="3">
      <subfield code="a">income</subfield>
    </datafield>
    <datafield tag="650" ind1=" " ind2="3">
      <subfield code="a">models</subfield>
    </datafield>
    <datafield tag="650" ind1=" " ind2="3">
      <subfield code="a">principal component analysis</subfield>
    </datafield>
    <datafield tag="650" ind1=" " ind2="3">
      <subfield code="a">regression analysis</subfield>
    </datafield>
    <datafield tag="650" ind1=" " ind2="3">
      <subfield code="a">socioeconomic status</subfield>
    </datafield>
    <datafield tag="650" ind1=" " ind2="3">
      <subfield code="a">trees</subfield>
    </datafield>
    <datafield tag="650" ind1=" " ind2="3">
      <subfield code="a">urban areas</subfield>
    </datafield>
    <datafield tag="651" ind1=" " ind2="3">
      <subfield code="a">District of Columbia</subfield>
    </datafield>
    <datafield tag="651" ind1=" " ind2="3">
      <subfield code="a">Maryland</subfield>
    </datafield>
    <datafield tag="653" ind1=" " ind2="0">
      <subfield code="a">Urban tree canopy (UTC)</subfield>
    </datafield>
    <datafield tag="653" ind1=" " ind2="0">
      <subfield code="a">Neighborhood stability</subfield>
    </datafield>
    <datafield tag="653" ind1=" " ind2="0">
      <subfield code="a">Spatial lag regression</subfield>
    </datafield>
    <datafield tag="653" ind1=" " ind2="0">
      <subfield code="a">GIS</subfield>
    </datafield>
    <datafield tag="700" ind1="1" ind2=" ">
      <subfield code="a">Boone, Christopher G.</subfield>
      <subfield code="e">author</subfield>
      <subfield code="u">School of Sustainability, Arizona State University, 800 South Cady Mall,
        Tempe, AZ 85287, USA</subfield>
    </datafield>
    <datafield tag="700" ind1="1" ind2=" ">
      <subfield code="a">Locke, Dexter H.</subfield>
      <subfield code="e">author</subfield>
      <subfield code="u">National Socio-Environmental Synthesis Center (SESYNC), 1 Park Places,
        Suite 300, Annapolis, MD 21401, USA</subfield>
    </datafield>
    <datafield tag="700" ind1="1" ind2=" ">
      <subfield code="a">Grove, J. Morgan</subfield>
      <subfield code="e">author</subfield>
      <subfield code="u">USDA Forest Service, 5523 Research Park Drive, Baltimore, MD 21201,
        USA</subfield>
    </datafield>
    <datafield tag="700" ind1="1" ind2=" ">
      <subfield code="a">Whitmer, Ali</subfield>
      <subfield code="e">author</subfield>
      <subfield code="u">Georgetown University, 3700 O Street NW, Washington, DC 20057,
        USA</subfield>
    </datafield>
    <datafield tag="700" ind1="1" ind2=" ">
      <subfield code="a">Buckley, Geoffrey</subfield>
      <subfield code="e">author</subfield>
      <subfield code="u">Department of Geography, Ohio University, Athens, OH 45701, USA</subfield>
    </datafield>
    <datafield tag="700" ind1="1" ind2=" ">
      <subfield code="a">Zhang, Sainan</subfield>
      <subfield code="e">author</subfield>
      <subfield code="u">United Nations Population Fund, 220 E 42nd St, New York, NY 10017,
        USA</subfield>
    </datafield>
    <datafield tag="773" ind1="0" ind2=" ">
      <subfield code="t">Urban forestry &amp; urban greening.</subfield>
      <subfield code="g">2017 Oct., v. 27 p.363-372</subfield>
      <subfield code="d">Elsevier GmbH</subfield>
      <subfield code="a">Elsevier GmbH</subfield>
      <subfield code="w">Journal:jnl893556</subfield>
      <subfield code="x">1618-8667</subfield>
      <subfield code="7">nnas</subfield>
    </datafield>
    <datafield tag="787" ind1="1" ind2=" ">
      <subfield code="o">islandora_article_repository</subfield>
    </datafield>
    <datafield tag="787" ind1="1" ind2=" ">
      <subfield code="o">product_pubag</subfield>
    </datafield>
    <datafield tag="787" ind1="1" ind2=" ">
      <subfield code="o">(Journal)jnl893556</subfield>
    </datafield>
    <datafield tag="856" ind1="4" ind2="0">
      <subfield code="u">https://dx.doi.org/10.1016/j.ufug.2017.03.030</subfield>
      <subfield code="3">Available from publisher's site</subfield>
    </datafield>
    <datafield tag="912" ind1=" " ind2=" ">
      <subfield code="a">Article</subfield>
    </datafield>
    <datafield tag="914" ind1=" " ind2=" ">
      <subfield code="a">Journal:jnl893556</subfield>
      <subfield code="b">1618-8667</subfield>
    </datafield>
    <datafield tag="914" ind1=" " ind2=" ">
      <subfield code="f">Urban forestry &amp; urban greening</subfield>
    </datafield>
    <datafield tag="916" ind1=" " ind2=" ">
      <subfield code="a">Batch:1939</subfield>
    </datafield>
    <datafield tag="917" ind1=" " ind2=" ">
      <subfield code="a">issued</subfield>
    </datafield>
    <datafield tag="918" ind1="2" ind2=" ">
      <subfield code="a">Elsevier Consyn</subfield>
      <subfield code="e">provider</subfield>
      <subfield code="5">DNAL</subfield>
    </datafield>
    <datafield tag="935" ind1=" " ind2=" ">
      <subfield code="a">IND605730866</subfield>
      <subfield code="9">ExL</subfield>
    </datafield>
    <datafield tag="949" ind1=" " ind2=" ">
      <subfield code="a">2020-03-06</subfield>
    </datafield>
    <datafield tag="953" ind1=" " ind2=" ">
      <subfield code="a"
        >/data/metadata/incoming/consyn-backfiles/46-2-00105-HEAD-ONLY.zip</subfield>
    </datafield>
    <datafield tag="954" ind1=" " ind2=" ">
      <subfield code="a"
        >file:/data/metadata/staging/consyn-backfiles/S1618866715301382.xml</subfield>
    </datafield>
    <datafield tag="955" ind1=" " ind2=" ">
      <subfield code="a">/data/metadata/staging/consyn-backfiles/</subfield>
    </datafield>
    <datafield tag="961" ind1=" " ind2=" ">
      <subfield code="a">USDA/FS</subfield>
    </datafield>
    <datafield tag="974" ind1=" " ind2=" ">
      <subfield code="a">agid:5730866</subfield>
    </datafield>
    <datafield tag="983" ind1=" " ind2=" ">
      <subfield code="a">2019-04-15</subfield>
    </datafield>
    <datafield tag="984" ind1=" " ind2=" ">
      <subfield code="a">2022-10-04</subfield>
    </datafield>
  </record>