
  <record>
    <leader>04065nab a2200601 u 4500</leader>
    <controlfield tag="001">9916292637007426</controlfield>
    <controlfield tag="005">20221118065345.0</controlfield>
    <controlfield tag="008">151101e201208 xx |||||o|||||||||||eng||</controlfield>
    <datafield tag="016" ind1="7" ind2=" ">
      <subfield code="a">IND601250309</subfield>
      <subfield code="2">DNAL</subfield>
    </datafield>
    <datafield tag="024" ind1="7" ind2=" ">
      <subfield code="a">10.1636/A11-49.1</subfield>
      <subfield code="2">doi</subfield>
    </datafield>
    <datafield tag="035" ind1=" " ind2=" ">
      <subfield code="a">agid:1250309-01nal_inst</subfield>
    </datafield>
    <datafield tag="040" ind1=" " ind2=" ">
      <subfield code="a">AGL</subfield>
      <subfield code="b">eng</subfield>
      <subfield code="c">AGL</subfield>
    </datafield>
    <datafield tag="100" ind1="1" ind2=" ">
      <subfield code="a">Keith, Robin</subfield>
      <subfield code="e">author</subfield>
      <subfield code="u">Conservation Education Division, San Diego Zoo Institute for Conservation
        Research, Escondido, California 92027, USA</subfield>
    </datafield>
    <datafield tag="245" ind1="1" ind2="0">
      <subfield code="a">Extreme mitochondrial population subdivision in southern Appalachian
        paleoendemic spiders (Araneae: Hypochilidae: Hypochilus), with implications for species
        delimitation</subfield>
    </datafield>
    <datafield tag="300" ind1=" " ind2=" ">
      <subfield code="a">p. 167-181.</subfield>
    </datafield>
    <datafield tag="520" ind1=" " ind2=" ">
      <subfield code="a">A prior study of molecular phylogenetic relationships in southern
        Appalachian Hypochilus taxa revealed unusually high intraspecific mitochondrial sequence
        divergences, but was limited by small intraspecific sample sizes. A subsequent in-depth
        population genetic study focused on a single species (H. thorelli Marx 1888), revealing
        genetic patterns consistent with extremely limited female-based gene flow among rock-outcrop
        limited populations. Here we extend the study of mitochondrial population genetic
        structuring to four remaining Appalachian Hypochilus species. Genetic inferences are based
        on a sample of COI mitochondrial sequences generated for over 250 specimens from 85 sampled
        locations. This geographic sample comprehensively covers the geographic distributions of all
        described taxa. Phylogenetic, network-based, and genealogical sorting index analyses reveal
        ubiquitous genetic structuring in all Hypochilus taxa. A majority of sampled locations
        possess limited genetic variation, with site-specific haplotypes forming genealogically
        exclusive “microclades”, consistent with limited female-based gene flow at the spatial
        scales sampled. At deeper phylogenetic levels, four of five described species are recovered
        as monophyletic on mitochondrial gene trees. Hypochilus pococki Platnick 1987 is recovered
        as paraphyletic, and is fragmented into five genetically divergent, allopatric phylogroups.
        These phylogroups, and multiple clades within one of the H. pococki phylogroups, are also
        recovered as distinct clusters in a generalized mixed Yule-coalescent (GMYC) analysis,
        suggesting the possibility of multiple cryptic species in the Appalachian fauna. However, a
        qualitative survey of male palpal variation fails to reveal morphological differences that
        distinguish these highly divergent genetic lineages. We suggest that a nuclear gene tree
        perspective is ultimately needed to resolve this contrast.</subfield>
    </datafield>
    <datafield tag="592" ind1=" " ind2=" ">
      <subfield code="a">Publisher supplied data</subfield>
    </datafield>
    <datafield tag="593" ind1=" " ind2=" ">
      <subfield code="a">PubAg article</subfield>
    </datafield>
    <datafield tag="650" ind1=" " ind2="3">
      <subfield code="a">Hypochilus pococki</subfield>
    </datafield>
    <datafield tag="650" ind1=" " ind2="3">
      <subfield code="a">fauna</subfield>
    </datafield>
    <datafield tag="650" ind1=" " ind2="3">
      <subfield code="a">founder effect</subfield>
    </datafield>
    <datafield tag="650" ind1=" " ind2="3">
      <subfield code="a">gene flow</subfield>
    </datafield>
    <datafield tag="650" ind1=" " ind2="3">
      <subfield code="a">genetic variation</subfield>
    </datafield>
    <datafield tag="650" ind1=" " ind2="3">
      <subfield code="a">geographical distribution</subfield>
    </datafield>
    <datafield tag="650" ind1=" " ind2="3">
      <subfield code="a">haplotypes</subfield>
    </datafield>
    <datafield tag="650" ind1=" " ind2="3">
      <subfield code="a">males</subfield>
    </datafield>
    <datafield tag="650" ind1=" " ind2="3">
      <subfield code="a">monophyly</subfield>
    </datafield>
    <datafield tag="650" ind1=" " ind2="3">
      <subfield code="a">paraphyly</subfield>
    </datafield>
    <datafield tag="650" ind1=" " ind2="3">
      <subfield code="a">population</subfield>
    </datafield>
    <datafield tag="650" ind1=" " ind2="3">
      <subfield code="a">surveys</subfield>
    </datafield>
    <datafield tag="653" ind1=" " ind2="0">
      <subfield code="a">Cryptic species</subfield>
    </datafield>
    <datafield tag="653" ind1=" " ind2="0">
      <subfield code="a">genealogical sorting index</subfield>
    </datafield>
    <datafield tag="653" ind1=" " ind2="0">
      <subfield code="a">GMYC model</subfield>
    </datafield>
    <datafield tag="653" ind1=" " ind2="0">
      <subfield code="a">population subdivision</subfield>
    </datafield>
    <datafield tag="700" ind1="1" ind2=" ">
      <subfield code="a">Hedin, Marshal</subfield>
      <subfield code="e">author</subfield>
      <subfield code="u">Department of Biology, San Diego State University, San Diego, California
        92182-4614, USA. E-mail:</subfield>
    </datafield>
    <datafield tag="773" ind1="0" ind2=" ">
      <subfield code="t">Journal of arachnology.</subfield>
      <subfield code="g">2012 Aug., v. 40, no. 2 p.167-181</subfield>
      <subfield code="d">American Arachnological Society</subfield>
      <subfield code="x">0161-8202</subfield>
      <subfield code="7">nnas</subfield>
    </datafield>
    <datafield tag="787" ind1="1" ind2=" ">
      <subfield code="o">islandora_article_repository</subfield>
    </datafield>
    <datafield tag="787" ind1="1" ind2=" ">
      <subfield code="o">product_pubag</subfield>
    </datafield>
    <datafield tag="787" ind1="1" ind2=" ">
      <subfield code="o">(Journal)jnl7320</subfield>
    </datafield>
    <datafield tag="856" ind1="4" ind2="0">
      <subfield code="u">http://dx.doi.org/10.1636%2FA11-49.1</subfield>
      <subfield code="3">Available from publisher's site</subfield>
    </datafield>
    <datafield tag="912" ind1=" " ind2=" ">
      <subfield code="a">Article</subfield>
    </datafield>
    <datafield tag="914" ind1=" " ind2=" ">
      <subfield code="a">Journal:jnl7320</subfield>
      <subfield code="b">0161-8202</subfield>
      <subfield code="c">40</subfield>
      <subfield code="d">2</subfield>
      <subfield code="e">167</subfield>
    </datafield>
    <datafield tag="914" ind1=" " ind2=" ">
      <subfield code="f">Journal of arachnology</subfield>
    </datafield>
    <datafield tag="916" ind1=" " ind2=" ">
      <subfield code="a">Batch:1156</subfield>
    </datafield>
    <datafield tag="917" ind1=" " ind2=" ">
      <subfield code="a">issued</subfield>
    </datafield>
    <datafield tag="918" ind1="2" ind2=" ">
      <subfield code="a">BioOne</subfield>
      <subfield code="e">provider</subfield>
      <subfield code="5">DNAL</subfield>
    </datafield>
    <datafield tag="935" ind1=" " ind2=" ">
      <subfield code="a">IND601250309</subfield>
      <subfield code="9">ExL</subfield>
    </datafield>
    <datafield tag="949" ind1=" " ind2=" ">
      <subfield code="a">2016-01-04</subfield>
    </datafield>
    <datafield tag="953" ind1=" " ind2=" ">
      <subfield code="a">ARACv40i2-08091335-241168.zip</subfield>
    </datafield>
    <datafield tag="962" ind1=" " ind2=" ">
      <subfield code="a">Batch:1156 reviewed on 2016-01-04T14:00:02Z</subfield>
    </datafield>
    <datafield tag="974" ind1=" " ind2=" ">
      <subfield code="a">agid:1250309</subfield>
    </datafield>
    <datafield tag="983" ind1=" " ind2=" ">
      <subfield code="a">2015-11-01</subfield>
    </datafield>
    <datafield tag="984" ind1=" " ind2=" ">
      <subfield code="a">2016-01-04</subfield>
    </datafield>
  </record>
</collection>
